<?xml version="1.0" encoding="UTF-8"?><record xmlns="http://www.loc.gov/MARC21/slim" xmlns:cinclude="http://apache.org/cocoon/include/1.0" xmlns:zs="http://www.loc.gov/zing/srw/">
  <leader>00647nz  a2200169n  4500</leader>
  <controlfield tag="001">no2012087123</controlfield>
  <controlfield tag="003">DLC</controlfield>
  <controlfield tag="005">20120702120044.0</controlfield>
  <controlfield tag="008">120627n| azannaabn          |n aaa     c</controlfield>
  <datafield tag="010" ind1=" " ind2=" ">
    <subfield code="a">no2012087123</subfield>
  </datafield>
  <datafield tag="035" ind1=" " ind2=" ">
    <subfield code="a">(OCoLC)oca09235333</subfield>
  </datafield>
  <datafield tag="040" ind1=" " ind2=" ">
    <subfield code="a">UPB</subfield>
    <subfield code="b">eng</subfield>
    <subfield code="c">UPB</subfield>
    <subfield code="e">rda</subfield>
  </datafield>
  <datafield tag="046" ind1=" " ind2=" ">
    <subfield code="f">1977</subfield>
  </datafield>
  <datafield tag="100" ind1="1" ind2=" ">
    <subfield code="a">Greenleaf, Jared Scott,</subfield>
    <subfield code="d">1977-</subfield>
  </datafield>
  <datafield tag="373" ind1=" " ind2=" ">
    <subfield code="a">Brigham Young University</subfield>
  </datafield>
  <datafield tag="670" ind1=" " ind2=" ">
    <subfield code="a">The movement of an object through a field creates a complex situation, 2011:</subfield>
    <subfield code="b">title page (Jared Scott Greenleaf, Project (Master of Fine Arts)--Brigham Young University. Department of Visual Arts)</subfield>
  </datafield>
  <datafield tag="670" ind1=" " ind2=" ">
    <subfield code="a">UPB files, June 21, 2012</subfield>
    <subfield code="b">(Jared Scott Greenleaf, born 1977)</subfield>
  </datafield>
</record>